<record><leader>00000cas a22000007a 4500</leader><controlfield tag="001">14366533</controlfield><controlfield tag="008">861009u1864uuuutxuwr ne      0    0eng d</controlfield><datafield ind1=" " ind2=" " tag="010"><subfield code="a">sn 86089445 </subfield></datafield><datafield ind1=" " ind2=" " tag="040"><subfield code="a">PPM</subfield><subfield code="b">eng</subfield><subfield code="c">PPM</subfield><subfield code="d">OCLCQ</subfield></datafield><datafield ind1=" " ind2=" " tag="042"><subfield code="a">msc</subfield></datafield><datafield ind1="0" ind2="4" tag="245"><subfield code="a">The Trans-Miss. bulletin.</subfield></datafield><datafield ind1="1" ind2="3" tag="246"><subfield code="a">Bulletin</subfield></datafield><datafield ind1="3" ind2="0" tag="246"><subfield code="a">Trans-Mississippi bulletin</subfield></datafield><datafield ind1=" " ind2=" " tag="260"><subfield code="a">Jefferson, Tex. :</subfield><subfield code="b">A.M. Walker</subfield></datafield><datafield ind1=" " ind2=" " tag="300"><subfield code="a">v. ;</subfield><subfield code="c">46 cm.</subfield></datafield><datafield ind1=" " ind2=" " tag="310"><subfield code="a">Weekly</subfield></datafield><datafield ind1="1" ind2=" " tag="362"><subfield code="a">Began in 1864?</subfield></datafield><datafield ind1=" " ind2=" " tag="588"><subfield code="a">Description based on: Vol. 1, no. 34 (Nov. 4, 1864).</subfield></datafield><datafield ind1=" " ind2=" " tag="752"><subfield code="a">United States</subfield><subfield code="b">Texas</subfield><subfield code="c">Marion</subfield><subfield code="d">Jefferson.</subfield></datafield><datafield ind1="1" ind2=" " tag="029"><subfield code="a">AU@</subfield><subfield code="b">000025840307</subfield></datafield></record>